<?xml version="1.0" encoding="UTF-8"?>
<record xmlns="http://www.loc.gov/MARC21/slim" xmlns:xsi="http://www.w3.org/2001/XMLSchema-instance" xsi:schemaLocation="http://www.loc.gov/MARC21/slim http://www.loc.gov/standards/marcxml/schema/MARC21slim.xsd">
<leader>     nam a2200313 i 4500</leader>
<controlfield tag="001">001658793</controlfield>
<controlfield tag="003">NNU</controlfield>
<controlfield tag="005">20061010170911.0</controlfield>
<controlfield tag="008">001011m19261937le a     b    001 0 arar</controlfield>
<datafield tag="010" ind1=" " ind2=" ">
<subfield code="a">75972747</subfield>
</datafield>
<datafield tag="035" ind1="9" ind2=" ">
<subfield code="a">NYUb12196939</subfield>
</datafield>
<datafield tag="035" ind1=" " ind2=" ">
<subfield code="a">(CStRLIN)NYUG00-B3567</subfield>
</datafield>
<datafield tag="040" ind1=" " ind2=" ">
<subfield code="d">NNU</subfield>
</datafield>
<datafield tag="043" ind1=" " ind2=" ">
<subfield code="a">aw-----</subfield>
</datafield>
<datafield tag="050" ind1="0" ind2=" ">
<subfield code="a">BX4711.32</subfield>
<subfield code="b">.W37</subfield>
</datafield>
<datafield tag="066" ind1=" " ind2=" ">
<subfield code="c">(3</subfield>
</datafield>
<datafield tag="090" ind1=" " ind2=" ">
<subfield code="a">BX4711.32</subfield>
<subfield code="b">.W37</subfield>
</datafield>
<datafield tag="245" ind1="0" ind2="0">
<subfield code="6">880-01</subfield>
<subfield code="a">Wathāʼiq tārīkhīyah lil-Kursī al-Malakī al-Anṭākī :</subfield>
<subfield code="b">yataḍammanu tārīkh al-Shām wa-Filasṭīn wa-Lubnān, siyāsīyan lil-wuzarā wa-al-ḥukkām ... dīnīyan lil-Islām wa-al-Naṣrānīyah ... /</subfield>
<subfield code="c">ʻuniyya bi-taʻlīq ḥawāshih maʻa mulḥaq jazīl al-fāʼidah Qusṭanṭīn al-Bāshā al-Mukhalliṣī.</subfield>
</datafield>
<datafield tag="246" ind1="1" ind2="5">
<subfield code="a">Documents inédits pour servir à l'histoire du Patriarchate melkite d'Antioche</subfield>
</datafield>
<datafield tag="260" ind1=" " ind2=" ">
<subfield code="6">880-02</subfield>
<subfield code="a">[Beirut] :</subfield>
<subfield code="b">al-Massarah,</subfield>
<subfield code="c">[1926]-1937.</subfield>
</datafield>
<datafield tag="300" ind1=" " ind2=" ">
<subfield code="a">7 v. :</subfield>
<subfield code="b">ill. ;</subfield>
<subfield code="c">25 cm.</subfield>
</datafield>
<datafield tag="504" ind1=" " ind2=" ">
<subfield code="a">Includes bibliogrpahical references and indexes.</subfield>
</datafield>
<datafield tag="505" ind1="0" ind2=" ">
<subfield code="a">1. al-Baṭrīyark Maksīmūs III al-Maẓlūm / Tūmā Maẓlūm -- 2. Tārīkh al-Shām, 1720-1782 / Mikhāʼīl Burayk -- 3. Khabāyā al-zawāyā min tārīkh Ṣaydnāyā / Ḥabīb Zayyāt -- 4. Tārīkh al-Shaykh Ẓāhir al-ʻUmar al-Zaydānī / Mikhāʼīl Niqūlā Ṣabbāgh -- 5. Shuhadāʼ Ḥalab / A. Kūsā -- 6. al-Ṣalīb fī al-Islām / Ḥabīb Zayyāt -- 7. Istishhād Ibrāhīm Amārah</subfield>
</datafield>
<datafield tag="610" ind1="2" ind2="0">
<subfield code="a">Catholic Church.</subfield>
<subfield code="b">Patriarchate of Antioch (Melchite)</subfield>
<subfield code="x">History</subfield>
<subfield code="v">Sources.</subfield>
</datafield>
<datafield tag="651" ind1=" " ind2="0">
<subfield code="a">Middle East</subfield>
<subfield code="x">Church history</subfield>
<subfield code="v">Sources.</subfield>
</datafield>
<datafield tag="700" ind1="1" ind2=" ">
<subfield code="6">880-03</subfield>
<subfield code="a">Bacha, Constantin.</subfield>
</datafield>
<datafield tag="880" ind1="0" ind2="0">
<subfield code="6">245-01/</subfield>
<subfield code="a">وثائق تاريخية للكرسي الملكي الانطاكي :</subfield>
<subfield code="b">يتضمن تاريخ الشام وفلسطين ولبنان، سياسيا للوزراء والحكام ... دينيا للاسلام والنصرانية ... /</subfield>
<subfield code="c">عنى بتعليق حواشيه مع ملحق جزيل الغائدة قسطنطين الباشا المخلصي.</subfield>
</datafield>
<datafield tag="880" ind1=" " ind2=" ">
<subfield code="6">260-02/</subfield>
<subfield code="a">[Beirut] :</subfield>
<subfield code="b">المسرة،</subfield>
<subfield code="c">[1926]-١٩٣٢.</subfield>
</datafield>
<datafield tag="880" ind1="1" ind2=" ">
<subfield code="6">700-03/</subfield>
<subfield code="a">باشا، قسطنطين.</subfield>
</datafield>
<datafield tag="OWN" ind1=" " ind2=" ">
<subfield code="a">GENERAL</subfield>
</datafield>
<datafield tag="998" ind1=" " ind2=" ">
<subfield code="a">20001011</subfield>
<subfield code="d">20001011</subfield>
<subfield code="d">20001011</subfield>
<subfield code="n">NNU</subfield>
<subfield code="s">1</subfield>
<subfield code="t">c</subfield>
<subfield code="z">e</subfield>
</datafield>
<datafield tag="AVA" ind1=" " ind2=" ">
<subfield code="a">NYU50</subfield>
<subfield code="b">BOBST</subfield>
<subfield code="c">Main Collection</subfield>
<subfield code="d">BX4711.32 .W37</subfield>
<subfield code="e">unavailable</subfield>
<subfield code="t">Unavailable</subfield>
<subfield code="f">1</subfield>
<subfield code="g">1</subfield>
<subfield code="h">Y</subfield>
<subfield code="i">0</subfield>
<subfield code="j">MAIN</subfield>
<subfield code="k">0</subfield>
</datafield>
</record>
